@book {AM,
    AUTHOR = {Atiyah, M. F. and Macdonald, I. G.},
     TITLE = {Introduction to commutative algebra},
    SERIES = {Addison-Wesley Series in Mathematics},
   EDITION = {economy},
      NOTE = {For the 1969 original see [ MR0242802]},
 PUBLISHER = {Westview Press, Boulder, CO},
      YEAR = {2016},
     PAGES = {ix+128},
      ISBN = {978-0-8133-5018-9; 0-201-00361-9; 0-201-40751-5},
   MRCLASS = {13-01 (13-00)},
  MRNUMBER = {3525784},
}
@article {EsfahaniKuhn,
    AUTHOR = {Mohajerin Esfahani, Peyman and Kuhn, Daniel},
     TITLE = {Data-driven distributionally robust optimization using the
              {W}asserstein metric: performance guarantees and tractable
              reformulations},
   JOURNAL = {Math. Program.},
  FJOURNAL = {Mathematical Programming},
    VOLUME = {171},
      YEAR = {2018},
    NUMBER = {1-2, Ser. A},
     PAGES = {115--166},
      ISSN = {0025-5610},
   MRCLASS = {90C15 (90C25 90C47)},
  MRNUMBER = {3844536},
       DOI = {10.1007/s10107-017-1172-1},
       URL = {https://doi.org/10.1007/s10107-017-1172-1},
}